<?xml version="1.0" encoding="UTF-8"?><collection xmlns="http://www.loc.gov/MARC21/slim"><record><leader>00374nam--2200145-i-4500</leader><controlfield tag="001">000016754</controlfield><controlfield tag="002">20161230</controlfield><controlfield tag="005">20170115164434</controlfield><controlfield tag="008">060222s1000------------r-----000-0-eng-d</controlfield><datafield ind1=" " ind2=" " tag="080"><subfield code="a">1</subfield></datafield><datafield ind1=" " ind2=" " tag="245"><subfield code="a">Biology of knowledge. The evolutionary basic of reason</subfield></datafield><datafield ind1=" " ind2=" " tag="260"><subfield code="a">Chichester</subfield><subfield code="b">John Wiley And Sons</subfield><subfield code="c">1984</subfield></datafield><datafield ind1=" " ind2=" " tag="300"><subfield code="a">252 p</subfield></datafield><datafield ind1=" " ind2=" " tag="852"><subfield code="a">74775</subfield></datafield><datafield ind1=" " ind2=" " tag="CAT"><subfield code="a">SYS</subfield><subfield code="c">20170115</subfield><subfield code="h">164434</subfield></datafield></record></collection>